% MONOGRAPHY EXAMPLE setup, %Wolfram_Alpha,Bishop:PRM,Hogg:ITM,Illo-D:IStat,
%Liu:PAB,Richy:AIM,Tilman:RBK

@BOOK{Bishop:PRM,
  AUTHOR       = {Christopher M. Bishop},
  TITLE        = {Pattern Recognition and Machine Learning.},
  SERIES       = {None},
  PUBLISHER    = {Springer},
  YEAR         = {2006},
  ADDRESS      = {USA},
}

@BOOK{Weiss:ISS,
  AUTHOR       = {Neil A. Weiss},
  TITLE        = {Introductory Statistics.},
  SERIES       = {Global Edition},
  EDITION      = {10th Edition},
  PUBLISHER    = {Pearson},
  YEAR         = {2010},
  ADDRESS      = {USA},
}

@BOOK{ALEXHOLMES:IBS,
  AUTHOR       = {Alexander Holmes, Barbara Illowsky, Susan Dean},
  TITLE        = {Introductory Business Statistics.},
  SERIES       = {None},
  PUBLISHER    = {Openstax},
  YEAR         = {2018},
  ADDRESS      = {USA},
}

@BOOK{Hogg:ITM,
  AUTHOR       = {Robert V. Hogg and Joseph W. McKean and  Allen T. Craig},
  TITLE        = {Introduction to Mathematical Statistics.},
  SERIES       = {None},
  PUBLISHER    = {Pearson},
  YEAR         = {2019},
  ADDRESS      = {Boston},
}

@misc{Wiki:WKP,
  AUTHOR       = {Wikipedia},
  TITLE        = {Poisson Distribution.},
  SERIES       = {None},
  PUBLISHER    = {Wikipedia},
  YEAR         = {2022},
  ADDRESS      = {https://en.wikipedia.org/wiki/Poisson_distibution},
}

@BOOK{Illo-D:IStat,
  AUTHOR       = {Barbara Illowsky and Susan Dean},
  TITLE        = {Introductory Statistics.},
  SERIES       = {None},
  PUBLISHER    = {OpenStax},
  YEAR         = {2020},
  ADDRESS      = {https://openstax.org/details/introductory-statistics},
}

@BOOK{Liu:PAB,
  AUTHOR       = {Yan Liu and Athula I. Abeyratne},
  TITLE        = {Practical Applications of Bayesian Reliability.},
  SERIES       = {None},
  PUBLISHER    = {Wiley},
  YEAR         = {2019},
  ADDRESS      = {Cornwall, Great Britain},
}


@BOOK{Richy:AIM,
  AUTHOR       = {Richard J. Larsen and Morris L. Marx},
  TITLE        = {An Introduction to Mathetical Statistics and Its Applications.},
  SERIES       = {6th edition},
  PUBLISHER    = {Pearson},
  YEAR         = {2018},
  ADDRESS      = {Boston},
}


@BOOK{Tilman:RBK,
  AUTHOR       = {Tilman M. Davies},
  TITLE        = {The Book of R: A First Course In Programing and Statistics.},
  SERIES       = {None},
  PUBLISHER    = {No Starch Press, Inc.},
  YEAR         = {2016},
  ADDRESS      = {San Francisco},
}


@Misc{Wolfram_Alpha,
  author = {Wolfram Inc.},
  title  = {Wolfram | Alpha},
  year   = {2022},
  url    = {https://www.wolframalpha.com/input?i2d=true&i=Integrate%5BDivide%5B1%2C2%CF%80%E2%88%9A%5C%2840%29Power%5Bx%2C2%5D%2BPower%5By%2C2%5D%5C%2841%29%5D%2Cx%5D} ,
  urldate =  {2022-05-27},
}
